@book{sistema-des,
	Address = {Uberlândia, MG},
	Author = {Adriele Giaretta Biase},
    Url = {https://ssl4799.websiteseguro.com/swge5/seg/cd2009/PDF/IC2009-0404.pdf},
	Organization = {https://ssl4799.websiteseguro.com/swge5/seg/cd2009/PDF/IC2009-0404.pdf},
	Publisher = {Pró-Reitoria de Pesquisa e Pós-Graduação, Universidade Federal de Uberlândia},
	Title = {O SISTEMA CRIPTOGRÁFICO D.E.S. - DATA ENCRYPTION STANDARD},
	Urlaccessdate = {7 set 2017},
	Year = {2009}}


@book{criptografia-simetrica-assimetrica-cifragem,
    Author = {Ronielton Rezende Oliveira},
    Organization = {http://www.academia.edu/download/37053861/artigorevistasegurancadigital2012.pdf},
    Url = {http://www.academia.edu/download/37053861/artigorevistasegurancadigital2012.pdf},
    Publisher = {Revista Segurança Digital},
    Edition = {12},
    Title = {Criptografia simétrica e assimétrica: os principais algoritmos de cifragem},
    Urlaccessdate = {7 set 2017},
    Year = {2012}}

@book{estudo-descritivo-criptografia,
    Author = {Marco Antônio Mielke Hinz},
    Organization = {http://www.jabour.com.br/ufjf/apa/Mono-MarcoAntonio.pdf},
    Url = {http://www.jabour.com.br/ufjf/apa/Mono-MarcoAntonio.pdf},
    Publisher = {Universidade Federal de Pelotas},
    Title = {http://www.jabour.com.br/ufjf/apa/Mono-MarcoAntonio.pdf},
    Urlaccessdate = {7 set 2017},
    Year = {2000}}
